
@book{hughes2004,
    Author = {Hughes, P.C.},
    Date-Modified = {2015-09-25 01:19:12 +0000},
    Keywords = {dynamics, rigid body, spacecraft attitude control, gyrostat},
    Publisher = {Dover Publications},
    Title = {{Spacecraft Attitude Dynamics}},
    Year = {2004}}

@book{wertz1978,
    Author = {Wertz, James R},
    Date-Added = {2013-11-03 17:17:55 +0000},
    Date-Modified = {2015-09-25 01:20:51 +0000},
    Keywords = {dynamics, spacecraft attitude control},
    Publisher = {Springer},
    Title = {Spacecraft Attitude Determination and Control},
    Volume = {73},
    Year = {1978},
    Bdsk-File-1 = {YnBsaXN0MDDUAQIDBAUGJCVYJHZlcnNpb25YJG9iamVjdHNZJGFyY2hpdmVyVCR0b3ASAAGGoKgHCBMUFRYaIVUkbnVsbNMJCgsMDxJXTlMua2V5c1pOUy5vYmplY3RzViRjbGFzc6INDoACgAOiEBGABIAFgAdccmVsYXRpdmVQYXRoWWFsaWFzRGF0YV8QHy4uL2JpYmRlc2tfcGFwZXJzL3dlcnR6MTk3OC5wZGbSFwsYGVdOUy5kYXRhTxEB0gAAAAAB0gACAAAMTWFjaW50b3NoIEhEAAAAAAAAAAAAAAAAAAAA0KjgG0grAAAA3FDpDXdlcnR6MTk3OC5wZGYAAAAAAAAAAAAAAAAAAAAAAAAAAAAAAAAAAAAAAAAAAAAAAAAAAAAAAAAAAAAAAAAAAADcj7XSqpKGAAAAAAAAAAAAAQACAAAJIAAAAAAAAAAAAAAAAAAAAA5iaWJkZXNrX3BhcGVycwAQAAgAANCpJmsAAAARAAgAANKq2NYAAAABABgA3FDpANxQrwDcUJ8ACtUuAAYeewACk6AAAgBZTWFjaW50b3NoIEhEOlVzZXJzOgBzaGFua2FyOgBEcml2ZToAZG9jczoAdGVjaG5pY2FsX3BhcGVyczoAYmliZGVza19wYXBlcnM6AHdlcnR6MTk3OC5wZGYAAA4AHAANAHcAZQByAHQAegAxADkANwA4AC4AcABkAGYADwAaAAwATQBhAGMAaQBuAHQAbwBzAGgAIABIAEQAEgBGVXNlcnMvc2hhbmthci9Ecml2ZS9kb2NzL3RlY2huaWNhbF9wYXBlcnMvYmliZGVza19wYXBlcnMvd2VydHoxOTc4LnBkZgATAAEvAAAVAAIADv//AACABtIbHB0eWiRjbGFzc25hbWVYJGNsYXNzZXNdTlNNdXRhYmxlRGF0YaMdHyBWTlNEYXRhWE5TT2JqZWN00hscIiNcTlNEaWN0aW9uYXJ5oiIgXxAPTlNLZXllZEFyY2hpdmVy0SYnVHJvb3SAAQAIABEAGgAjAC0AMgA3AEAARgBNAFUAYABnAGoAbABuAHEAcwB1AHcAhACOALAAtQC9ApMClQKaAqUCrgK8AsACxwLQAtUC4gLlAvcC+gL/AAAAAAAAAgEAAAAAAAAAKAAAAAAAAAAAAAAAAAAAAwE=}}

@article{bhat2000,
    Author = {Bhat, Sanjay P and Bernstein, Dennis S},
    Date-Added = {2015-08-30 14:43:04 +0000},
    Date-Modified = {2016-02-09 02:40:25 +0000},
    Journal = {Systems \& Control Letters},
    Publisher = {Elsevier},
    Title = {A topological obstruction to continuous global stabilization of rotational motion and the unwinding phenomenon},
    Year = {2000},
    Bdsk-File-1 = {YnBsaXN0MDDUAQIDBAUGJCVYJHZlcnNpb25YJG9iamVjdHNZJGFyY2hpdmVyVCR0b3ASAAGGoKgHCBMUFRYaIVUkbnVsbNMJCgsMDxJXTlMua2V5c1pOUy5vYmplY3RzViRjbGFzc6INDoACgAOiEBGABIAFgAdccmVsYXRpdmVQYXRoWWFsaWFzRGF0YV8QHi4uL2JpYmRlc2tfcGFwZXJzL2JoYXQyMDAwLnBkZtIXCxgZV05TLmRhdGFPEQHOAAAAAAHOAAIAAAxNYWNpbnRvc2ggSEQAAAAAAAAAAAAAAAAAAADQqOAbSCsAAADcUOkMYmhhdDIwMDAucGRmAAAAAAAAAAAAAAAAAAAAAAAAAAAAAAAAAAAAAAAAAAAAAAAAAAAAAAAAAAAAAAAAAAAAANycJ9IIjsgAAAAAAAAAAAABAAIAAAkgAAAAAAAAAAAAAAAAAAAADmJpYmRlc2tfcGFwZXJzABAACAAA0KkmawAAABEACAAA0gjHCAAAAAEAGADcUOkA3FCvANxQnwAK1S4ABh57AAKToAACAFhNYWNpbnRvc2ggSEQ6VXNlcnM6AHNoYW5rYXI6AERyaXZlOgBkb2NzOgB0ZWNobmljYWxfcGFwZXJzOgBiaWJkZXNrX3BhcGVyczoAYmhhdDIwMDAucGRmAA4AGgAMAGIAaABhAHQAMgAwADAAMAAuAHAAZABmAA8AGgAMAE0AYQBjAGkAbgB0AG8AcwBoACAASABEABIARVVzZXJzL3NoYW5rYXIvRHJpdmUvZG9jcy90ZWNobmljYWxfcGFwZXJzL2JpYmRlc2tfcGFwZXJzL2JoYXQyMDAwLnBkZgAAEwABLwAAFQACAA7//wAAgAbSGxwdHlokY2xhc3NuYW1lWCRjbGFzc2VzXU5TTXV0YWJsZURhdGGjHR8gVk5TRGF0YVhOU09iamVjdNIbHCIjXE5TRGljdGlvbmFyeaIiIF8QD05TS2V5ZWRBcmNoaXZlctEmJ1Ryb290gAEACAARABoAIwAtADIANwBAAEYATQBVAGAAZwBqAGwAbgBxAHMAdQB3AIQAjgCvALQAvAKOApAClQKgAqkCtwK7AsICywLQAt0C4ALyAvUC+gAAAAAAAAIBAAAAAAAAACgAAAAAAAAAAAAAAAAAAAL8}}

@book{bullo2004,
    Address = {New York-Heidelberg-Berlin},
    Author = {Francesco Bullo and Andrew D. Lewis},
    Date-Added = {2015-07-03 14:25:22 +0000},
    Date-Modified = {2016-02-09 02:17:55 +0000},
    Isbn = {0-387-22195-6},
    Publisher = {Springer Verlag},
    Series = {Texts in Applied Mathematics},
    Title = {Geometric Control of Mechanical Systems},
    Volume = 49,
    Year = 2004,
    Bdsk-File-1 = {YnBsaXN0MDDUAQIDBAUGJCVYJHZlcnNpb25YJG9iamVjdHNZJGFyY2hpdmVyVCR0b3ASAAGGoKgHCBMUFRYaIVUkbnVsbNMJCgsMDxJXTlMua2V5c1pOUy5vYmplY3RzViRjbGFzc6INDoACgAOiEBGABIAFgAdccmVsYXRpdmVQYXRoWWFsaWFzRGF0YV8QHy4uL2JpYmRlc2tfcGFwZXJzL2J1bGxvMjAwNC5wZGbSFwsYGVdOUy5kYXRhTxEB0gAAAAAB0gACAAAMTWFjaW50b3NoIEhEAAAAAAAAAAAAAAAAAAAA0KjgG0grAAAA3FDpDWJ1bGxvMjAwNC5wZGYAAAAAAAAAAAAAAAAAAAAAAAAAAAAAAAAAAAAAAAAAAAAAAAAAAAAAAAAAAAAAAAAAAADco2vRvBOjAAAAAAAAAAAAAQACAAAJIAAAAAAAAAAAAAAAAAAAAA5iaWJkZXNrX3BhcGVycwAQAAgAANCpJmsAAAARAAgAANG8S+MAAAABABgA3FDpANxQrwDcUJ8ACtUuAAYeewACk6AAAgBZTWFjaW50b3NoIEhEOlVzZXJzOgBzaGFua2FyOgBEcml2ZToAZG9jczoAdGVjaG5pY2FsX3BhcGVyczoAYmliZGVza19wYXBlcnM6AGJ1bGxvMjAwNC5wZGYAAA4AHAANAGIAdQBsAGwAbwAyADAAMAA0AC4AcABkAGYADwAaAAwATQBhAGMAaQBuAHQAbwBzAGgAIABIAEQAEgBGVXNlcnMvc2hhbmthci9Ecml2ZS9kb2NzL3RlY2huaWNhbF9wYXBlcnMvYmliZGVza19wYXBlcnMvYnVsbG8yMDA0LnBkZgATAAEvAAAVAAIADv//AACABtIbHB0eWiRjbGFzc25hbWVYJGNsYXNzZXNdTlNNdXRhYmxlRGF0YaMdHyBWTlNEYXRhWE5TT2JqZWN00hscIiNcTlNEaWN0aW9uYXJ5oiIgXxAPTlNLZXllZEFyY2hpdmVy0SYnVHJvb3SAAQAIABEAGgAjAC0AMgA3AEAARgBNAFUAYABnAGoAbABuAHEAcwB1AHcAhACOALAAtQC9ApMClQKaAqUCrgK8AsACxwLQAtUC4gLlAvcC+gL/AAAAAAAAAgEAAAAAAAAAKAAAAAAAAAAAAAAAAAAAAwE=},
    Bdsk-File-2 = {YnBsaXN0MDDUAQIDBAUGJCVYJHZlcnNpb25YJG9iamVjdHNZJGFyY2hpdmVyVCR0b3ASAAGGoKgHCBMUFRYaIVUkbnVsbNMJCgsMDxJXTlMua2V5c1pOUy5vYmplY3RzViRjbGFzc6INDoACgAOiEBGABIAFgAdccmVsYXRpdmVQYXRoWWFsaWFzRGF0YV8QIC4uL2JpYmRlc2tfcGFwZXJzL2J1bGxvMjAwNGEucGRm0hcLGBlXTlMuZGF0YU8RAdYAAAAAAdYAAgAADE1hY2ludG9zaCBIRAAAAAAAAAAAAAAAAAAAANCo4BtIKwAAANxQ6Q5idWxsbzIwMDRhLnBkZgAAAAAAAAAAAAAAAAAAAAAAAAAAAAAAAAAAAAAAAAAAAAAAAAAAAAAAAAAAAAAAAAAA3KNq0bwTtgAAAAAAAAAAAAEAAgAACSAAAAAAAAAAAAAAAAAAAAAOYmliZGVza19wYXBlcnMAEAAIAADQqSZrAAAAEQAIAADRvEv2AAAAAQAYANxQ6QDcUK8A3FCfAArVLgAGHnsAApOgAAIAWk1hY2ludG9zaCBIRDpVc2VyczoAc2hhbmthcjoARHJpdmU6AGRvY3M6AHRlY2huaWNhbF9wYXBlcnM6AGJpYmRlc2tfcGFwZXJzOgBidWxsbzIwMDRhLnBkZgAOAB4ADgBiAHUAbABsAG8AMgAwADAANABhAC4AcABkAGYADwAaAAwATQBhAGMAaQBuAHQAbwBzAGgAIABIAEQAEgBHVXNlcnMvc2hhbmthci9Ecml2ZS9kb2NzL3RlY2huaWNhbF9wYXBlcnMvYmliZGVza19wYXBlcnMvYnVsbG8yMDA0YS5wZGYAABMAAS8AABUAAgAO//8AAIAG0hscHR5aJGNsYXNzbmFtZVgkY2xhc3Nlc11OU011dGFibGVEYXRhox0fIFZOU0RhdGFYTlNPYmplY3TSGxwiI1xOU0RpY3Rpb25hcnmiIiBfEA9OU0tleWVkQXJjaGl2ZXLRJidUcm9vdIABAAgAEQAaACMALQAyADcAQABGAE0AVQBgAGcAagBsAG4AcQBzAHUAdwCEAI4AsQC2AL4CmAKaAp8CqgKzAsECxQLMAtUC2gLnAuoC/AL/AwQAAAAAAAACAQAAAAAAAAAoAAAAAAAAAAAAAAAAAAADBg==},
    Bdsk-File-3 = {YnBsaXN0MDDUAQIDBAUGJCVYJHZlcnNpb25YJG9iamVjdHNZJGFyY2hpdmVyVCR0b3ASAAGGoKgHCBMUFRYaIVUkbnVsbNMJCgsMDxJXTlMua2V5c1pOUy5vYmplY3RzViRjbGFzc6INDoACgAOiEBGABIAFgAdccmVsYXRpdmVQYXRoWWFsaWFzRGF0YV8QIC4uL2JpYmRlc2tfcGFwZXJzL2J1bGxvMjAwNGIucGRm0hcLGBlXTlMuZGF0YU8RAdYAAAAAAdYAAgAADE1hY2ludG9zaCBIRAAAAAAAAAAAAAAAAAAAANCo4BtIKwAAANxQ6Q5idWxsbzIwMDRiLnBkZgAAAAAAAAAAAAAAAAAAAAAAAAAAAAAAAAAAAAAAAAAAAAAAAAAAAAAAAAAAAAAAAAAA3KNp0bwT0AAAAAAAAAAAAAEAAgAACSAAAAAAAAAAAAAAAAAAAAAOYmliZGVza19wYXBlcnMAEAAIAADQqSZrAAAAEQAIAADRvEwQAAAAAQAYANxQ6QDcUK8A3FCfAArVLgAGHnsAApOgAAIAWk1hY2ludG9zaCBIRDpVc2VyczoAc2hhbmthcjoARHJpdmU6AGRvY3M6AHRlY2huaWNhbF9wYXBlcnM6AGJpYmRlc2tfcGFwZXJzOgBidWxsbzIwMDRiLnBkZgAOAB4ADgBiAHUAbABsAG8AMgAwADAANABiAC4AcABkAGYADwAaAAwATQBhAGMAaQBuAHQAbwBzAGgAIABIAEQAEgBHVXNlcnMvc2hhbmthci9Ecml2ZS9kb2NzL3RlY2huaWNhbF9wYXBlcnMvYmliZGVza19wYXBlcnMvYnVsbG8yMDA0Yi5wZGYAABMAAS8AABUAAgAO//8AAIAG0hscHR5aJGNsYXNzbmFtZVgkY2xhc3Nlc11OU011dGFibGVEYXRhox0fIFZOU0RhdGFYTlNPYmplY3TSGxwiI1xOU0RpY3Rpb25hcnmiIiBfEA9OU0tleWVkQXJjaGl2ZXLRJidUcm9vdIABAAgAEQAaACMALQAyADcAQABGAE0AVQBgAGcAagBsAG4AcQBzAHUAdwCEAI4AsQC2AL4CmAKaAp8CqgKzAsECxQLMAtUC2gLnAuoC/AL/AwQAAAAAAAACAQAAAAAAAAAoAAAAAAAAAAAAAAAAAAADBg==}}
